@BOOK{book:1,
AUTHOR="Invata.info",
TITLE="Bubble Sort",
PUBLISHER="Invata.info",
YEAR="2017",
}

@book{book:776133,
   title =     {An Introduction to Python and LaTeX (draft)  },
   author =    {Pramode C.E},
   publisher = {},
   isbn =      {},
   year =      {2010},
   series =    {},
   edition =   {},
   volume =    {},
}

@book{book:25008,
   title =     {A Simplified Introduction to LaTeX},
   author =    {Greenberg H.J.},
   publisher = {},
   isbn =      {},
   year =      {2004},
   series =    {},
   edition =   {},
   volume =    {},
}

@book{book:1045183,
   title =     {3D game programming for kids: create interactive worlds with JavaScript},
   author =    {Chris Strom},
   publisher = {Pragmatic Bookshelf},
   isbn =      {1937785440,9781937785444},
   year =      {2013},
   series =    {},
   edition =   {},
   volume =    {},
}
   
